% ------------------------------------------------------------------------
% BIBLIOGRAPHY FILE
% ------------------------------------------------------------------------

% ------------------------------------------------------------------------


@BOOK{wang,
 author="B.X. Wang",
 title="Harmonic Analysis Method for Nonlinear Evolution Equations",
 publisher="World Scientific",
 year=2011
}

@BOOK{triebel,
 author="Hans Triebel",
 title="Theory of Function Spaces",
 publisher="Birkhauser Verlag",
 year=1983
}

% --------------------------------------------------------------------------

@ARTICLE{chen11,
 author="Jiecheng Chen and Dashan Fan",
 title="Multilinear Estimates On Modulation Spaces And Applications",
 year=2011
}

@ARTICLE{chen12,
 author="Jiecheng Chen and Dashan Fan and Lijing Sun",
 title="Asymptotic Estimates for Unimodular Fourier Multipliers on Modulation Spaces",
 journal="Discrete and Continous Dynamical Systems",
 volume=32,
 number=2,
  year=2012,
 pages="467-485"
}

@ARTICLE{tomita,
 author="Naohito Tomita",
 title="On the Hormander multipier theorem and Modulation Spaces",
 journal="Appl. Comput. Harmon. Anal.",
 volume=26,
 year=2009,
 pages="408-415"
}

@ARTICLE{wangh,
 author="Hua Wang and Heping Liu",
 title="Weak type estimates of intrinsic square functions on the weighted Hardy spaces",
 journal="Archiv der Mathematik",
 volume=97,
 year=2011,
 pages="49 - 59"
}


@ARTICLE{benyi,
 author="A. Benyi and K. A. Okoudjou",
 title="Local Well-posedness of Nonlinear Dispersive Equations on Modulation Spaces",
 journal="Bull. Lond. Math. Soc.",
 volume=41,
 year=2009,
 page="366-384"
}

@ARTICLE{coifman,
 author="R. R. Coifman and Y. Meyer",
 title="On commutators of some singular integrals and bilinear singular integrals",
 journal="Trans. Amer. Math. Soc.",
 volume=212,
 year=1975,
 page="315-331"
}

@ARTICLE{miyachi,
 author="A. Miyachi and F. Nicloa and S. Rivetti and A. Tabacco and N. Tomita",
 title="Estimates for Unimodular Fourier Multipliers on Modulation Space",
 journal="Proc. Amer. Math. Soc.",
 volume=137,
 year=2009,
 page="3869-3883"
}

% ------------------------------------------------------------------------
@Conference{labate,
 author="D. Labate and W. Lim and G. Kutyniok and G. Weiss",
 title="Sparse Multidimensional Representation using Shearlets",
 booktitle="conf. Wavelets XI",
 publisher="SPIE",
 address="San Diego, USA",
 year=2005
}

@inProceedings{kutyniok09,
 author="G. Kutyniok and M. Shahram and D. Donoho",
 title="Development of a Digital Shearlet Transform Based on Pseudo-Polar FFT",
 booktitle="Wavelets XIII",
 volume=7446,
 year=2009,
 organization="API"
}

@InProceedings{dahlke09c,
 author = "S. Dahlke and G. Steidl and G. Teschke",
 title = "The Continuous Shearlet Transform in Arbitrary Space Dimensions",
 booktitle = "Structured Decompositions and Efficient Algorithms",
 year = 2009,
 editor = "S. Dahlke and I. Daubechies and M. Elad and G. Kutyniok and G. Teschke",
 number = 08492,
 series ="Dagstuhl Seminar Proceedings",
 ISSN = "1862-4405",
 publisher = "Schloss Dagstuhl - Leibniz-Zentrum fuer Informatik, Germany",
 address = "Dagstuhl, Germany"
}

@Incollection{dahlke09b,
 author="S. Dahlke and G. Steidl",
 title="The Continuous Shearlet Transform in Higher Dimensions: Variations of a Theme",
 booktitle="Group Theory: Classes, Representation and Connections, and Applications",
 publisher="Nova Publishers",
 year=2009,
 pages="167-175"
}

% ------------------------------------------------------------------------
@PHDTHESIS{candes94,
 author="E.J. Candes",
 title="Ridgelets: theory and applications",
school="Technical Report, Department of Statistics, Stanford University",
 year=1994
}

@MASTERSTHESIS{zhu,
 author="朱志诚",
 title="基于多小波和 Bandelet 变换的图像去噪方法",
 school="国防科学技术大学",
 year=2006
}

@UNPUBLISHED{sogge,
 author="C. D. Sogge",
 title="Hangzhou Lectures on Eigenfunctions of the Laplacian",
 note="Lecture Notes, Zhejiang University",
 year=2011
}


% ------------------------------------------------------------------------
