% ------------------------------------------------------------------------
% BIBLIOGRAPHY FILE
% ------------------------------------------------------------------------

% ------------------------------------------------------------------------

%The paper written by jc chen.

\usepackage{urlbst}

@Webpage{ideal,
	title  = "Ideal (Ring Theory)",
	url = {http://en.wikipedia.org/wiki/Ideal_(ring_theory)}
}
